@Book{lamport94,
  author =	 {Leslie Lamport},
  title = 	 {\LaTeX: a document preparation system},
  publisher = 	 {Addison Wesley},
  year = 	 1994,
  edition =	 {2nd}
}

@InProceedings{Cook1971NP,
  author = 	 {Stephen A. Cook},
  title = 	 {The Complexity of Theorem-Proving Procedures},
  booktitle = 	 {STOC'71 Proceedings of the third annual ACM symposium on Theory of computing},
  pages =	 {151--158},
  year =	 1971,
  doi =          {10.1145/800157.805047}
}